@book{smith2000,
  author    = {Smith, S. T.}, 
  title     = {Flexures: Elements of Elastic Mechanisms},
  publisher = {CRC Press},
  year      = 2000,
  isbn      = {9789056992613}
}

@misc{ngs,
    author = "{The National Geodetic Survey Information Center}",
    title = "Surface Gravity Prediction",
    year = "2018",
    url = "https://www.ngs.noaa.gov/cgi-bin/grav_pdx.prl#",
    note = "[Online; accessed 22-September-2019]"
}

@misc{ndmagnets, 
author = {e Magnets UK},
title={Temperature Ratings, Temperature Effects on Neodymium Iron Boron, NdFeB, magnets},
url={https://e-magnetsuk.com/neodymium_magnets/temperature_ratings.aspx}, 
note = "[Online; accessed 22-September-2019]"
} 

@misc{mapcoords, 
title={Find Google Maps coordinates-fast and easy!}, 
url={https://www.mapcoordinates.net/en}, 
author={mapcoordinates.net},
note = "[Online; accessed 22-September-2019]"
} 

@manual{hardwaremanual,
  title        = {2019 Student Challenge Hardware},
  author       = {Aguirre, L.}, 
  organization = {ASPE},
  month        = Aug,
  year         = 2019,
}

@book{gum2008,
  address = {Geneva},
  author = {for Standardization, International Organization},
  publisher = {International Organization for Standardization},
  title = {Guide to the expression of uncertainty in measurement (GUM)},
  year = 2008
}



@manual{ampmanual,
  title        = {Voice Coil Amplifier},
  author       = {Smith, S. T.}, 
  organization = {ASPE},
  month        = Aug,
  year         = 2019,
}

@article{chao2015, 
title={A LEGO Watt balance: An apparatus to determine a mass based on the new SI}, 
volume={83}, 
DOI={10.1119/1.4929898}, 
number={11}, 
journal={American Journal of Physics}, 
author={Chao, L. S. and Schlamminger, S. and Newell, D. B. and Pratt, J. R. and Seifert, F. and Zhang, X. and Sineriz, G. and Liu, M. and Haddad, D.}, 
year={2015}, 
pages={913–922}
}

@mastersthesis{harmsen2010,
  author       = {Harmsen, W.}, 
  title        = {The Excessive Humidity Effect on Capacitive Distance Sensors for Precision Positioning},
  school       = {Delft University of Technology},
  year         = 2010,
  month        = 6
}

